@inproceedings{huang2022layoutlmv3,
	title={Layoutlmv3: Pre-training for document ai with unified text and image masking},
	author={Huang, Yupan and Lv, Tengchao and Cui, Lei and Lu, Yutong and Wei, Furu},
	booktitle={Proceedings of the 30th ACM International Conference on Multimedia},
	pages={4083--4091},
	year={2022}
}

@article{qiao2022joint,
	title={A joint model for entity and relation extraction based on BERT},
	author={Qiao, Bo and Zou, Zhuoyang and Huang, Yu and Fang, Kui and Zhu, Xinghui and Chen, Yiming},
	journal={Neural Computing and Applications},
	pages={1--11},
	year={2022},
	publisher={Springer}
}

@article{josifoski2021genie,
	title={Genie: generative information extraction},
	author={Josifoski, Martin and De Cao, Nicola and Peyrard, Maxime and Petroni, Fabio and West, Robert},
	journal={arXiv preprint arXiv:2112.08340},
	year={2021}
}

@article{hwang2020spatial,
	title={Spatial dependency parsing for semi-structured document information extraction},
	author={Hwang, Wonseok and Yim, Jinyeong and Park, Seunghyun and Yang, Sohee and Seo, Minjoon},
	journal={arXiv preprint arXiv:2005.00642},
	year={2020}
}

@article{dozat2016deep,
	title={Deep biaffine attention for neural dependency parsing},
	author={Dozat, Timothy and Manning, Christopher D},
	journal={arXiv preprint arXiv:1611.01734},
	year={2016}
}

@article{zhang2020efficient,
	title={Efficient second-order TreeCRF for neural dependency parsing},
	author={Zhang, Yu and Li, Zhenghua and Zhang, Min},
	journal={arXiv preprint arXiv:2005.00975},
	year={2020}
}

@article{lee2022formnet,
	title={Formnet: Structural encoding beyond sequential modeling in form document information extraction},
	author={Lee, Chen-Yu and Li, Chun-Liang and Dozat, Timothy and Perot, Vincent and Su, Guolong and Hua, Nan and Ainslie, Joshua and Wang, Renshen and Fujii, Yasuhisa and Pfister, Tomas},
	journal={arXiv preprint arXiv:2203.08411},
	year={2022}
}

@article{hoffmann2022training,
	title={Training compute-optimal large language models},
	author={Hoffmann, Jordan and Borgeaud, Sebastian and Mensch, Arthur and Buchatskaya, Elena and Cai, Trevor and Rutherford, Eliza and Casas, Diego de Las and Hendricks, Lisa Anne and Welbl, Johannes and Clark, Aidan and others},
	journal={arXiv preprint arXiv:2203.15556},
	year={2022}
}

@article{fernandez2020transition,
	title={Transition-based semantic dependency parsing with pointer networks},
	author={Fern{\'a}ndez-Gonz{\'a}lez, Daniel and G{\'o}mez-Rodr{\'\i}guez, Carlos},
	journal={arXiv preprint arXiv:2005.13344},
	year={2020}
}

@article{dyer2015transition,
	title={Transition-based  parsing with stack long short-term memory},
	author={Dyer, Chris and Ballesteros, Miguel and Ling, Wang and Matthews, Austin and Smith, Noah A},
	journal={arXiv preprint arXiv:1505.08075},
	year={2015}
}

@article{xu2021page,
	title={A page object detection method based on mask R-CNN},
	author={Xu, Canhui and Shi, Cao and Bi, Hengyue and Liu, Chuanqi and Yuan, Yongfeng and Guo, Haoyan and Chen, Yinong},
	journal={IEEE Access},
	volume={9},
	pages={143448--143457},
	year={2021},
	publisher={IEEE}
}

@article{lee2022pix2struct,
	title={Pix2Struct: Screenshot parsing as pretraining for visual language understanding},
	author={Lee, Kenton and Joshi, Mandar and Turc, Iulia and Hu, Hexiang and Liu, Fangyu and Eisenschlos, Julian and Khandelwal, Urvashi and Shaw, Peter and Chang, Ming-Wei and Toutanova, Kristina},
	journal={arXiv preprint arXiv:2210.03347},
	year={2022}
}

@article{cai2003vips,
	title={Vips: a vision-based page segmentation algorithm},
	author={Cai, Deng and Yu, Shipeng and Wen, Ji-Rong and Ma, Wei-Ying},
	year={2003}
}

@article{astudillo2020transition,
	title={Transition-based parsing with stack-transformers},
	author={Astudillo, Ram{\'o}n Fernandez and Ballesteros, Miguel and Naseem, Tahira and Blodgett, Austin and Florian, Radu},
	journal={arXiv preprint arXiv:2010.10669},
	year={2020}
}

@article{kim2021ocr,
	title={OCR-free Document Understanding Transformer},
	author={Kim, Geewook and Hong, Teakgyu and Yim, Moonbin and Nam, Jeongyeon and Park, Jinyoung and Yim, Jinyeong and Hwang, Wonseok and Yun, Sangdoo and Han, Dongyoon and Park, Seunghyun},
	journal={arXiv preprint arXiv:2111.15664},
	year={2021}
}

@inproceedings{mathew2021docvqa,
	title={Docvqa: A dataset for vqa on document images},
	author={Mathew, Minesh and Karatzas, Dimosthenis and Jawahar, CV},
	booktitle={Proceedings of the IEEE/CVF winter conference on applications of computer vision},
	pages={2200--2209},
	year={2021}
}

@inproceedings{mathew2022infographicvqa,
	title={Infographicvqa},
	author={Mathew, Minesh and Bagal, Viraj and Tito, Rub{\`e}n and Karatzas, Dimosthenis and Valveny, Ernest and Jawahar, CV},
	booktitle={Proceedings of the IEEE/CVF Winter Conference on Applications of Computer Vision},
	pages={1697--1706},
	year={2022}
}

@inproceedings{park2019cord,
	title={CORD: a consolidated receipt dataset for post-OCR parsing},
	author={Park, Seunghyun and Shin, Seung and Lee, Bado and Lee, Junyeop and Surh, Jaeheung and Seo, Minjoon and Lee, Hwalsuk},
	booktitle={Workshop on Document Intelligence at NeurIPS 2019},
	year={2019}
}

@inproceedings{liu2021swin,
	title={Swin transformer: Hierarchical vision transformer using shifted windows},
	author={Liu, Ze and Lin, Yutong and Cao, Yue and Hu, Han and Wei, Yixuan and Zhang, Zheng and Lin, Stephen and Guo, Baining},
	booktitle={Proceedings of the IEEE/CVF international conference on computer vision},
	pages={10012--10022},
	year={2021}
}

@article{peng2021random,
	title={Random feature attention},
	author={Peng, Hao and Pappas, Nikolaos and Yogatama, Dani and Schwartz, Roy and Smith, Noah A and Kong, Lingpeng},
	journal={arXiv preprint arXiv:2103.02143},
	year={2021}
}

@article{dozat2018simpler,
	title={Simpler but more accurate semantic dependency parsing},
	author={Dozat, Timothy and Manning, Christopher D},
	journal={arXiv preprint arXiv:1807.01396},
	year={2018}
}

@article{devlin2018bert,
	title={Bert: Pre-training of deep bidirectional transformers for language understanding},
	author={Devlin, Jacob and Chang, Ming-Wei and Lee, Kenton and Toutanova, Kristina},
	journal={arXiv preprint arXiv:1810.04805},
	year={2018}
}

@article{vaswani2017attention,
	title={Attention is all you need},
	author={Vaswani, Ashish and Shazeer, Noam and Parmar, Niki and Uszkoreit, Jakob and Jones, Llion and Gomez, Aidan N and Kaiser, {\L}ukasz and Polosukhin, Illia},
	journal={Advances in neural information processing systems},
	volume={30},
	year={2017}
}

@article{binmakhashen2019document,
	title={Document layout analysis: a comprehensive survey},
	author={Binmakhashen, Galal M and Mahmoud, Sabri A},
	journal={ACM Computing Surveys (CSUR)},
	volume={52},
	number={6},
	pages={1--36},
	year={2019},
	publisher={ACM New York, NY, USA}
}

@article{li2021survey,
	title={A survey of convolutional neural networks: analysis, applications, and prospects},
	author={Li, Zewen and Liu, Fan and Yang, Wenjie and Peng, Shouheng and Zhou, Jun},
	journal={IEEE transactions on neural networks and learning systems},
	year={2021},
	publisher={IEEE}
}
@article{han2022survey,
	title={A survey on vision transformer},
	author={Han, Kai and Wang, Yunhe and Chen, Hanting and Chen, Xinghao and Guo, Jianyuan and Liu, Zhenhua and Tang, Yehui and Xiao, An and Xu, Chunjing and Xu, Yixing and others},
	journal={IEEE transactions on pattern analysis and machine intelligence},
	volume={45},
	number={1},
	pages={87--110},
	year={2022},
	publisher={IEEE}
}

@article{kirillov2023segment,
	title={Segment anything},
	author={Kirillov, Alexander and Mintun, Eric and Ravi, Nikhila and Mao, Hanzi and Rolland, Chloe and Gustafson, Laura and Xiao, Tete and Whitehead, Spencer and Berg, Alexander C and Lo, Wan-Yen and others},
	journal={arXiv preprint arXiv:2304.02643},
	year={2023}
}

@inproceedings{radford2021learning,
	title={Learning transferable visual models from natural language supervision},
	author={Radford, Alec and Kim, Jong Wook and Hallacy, Chris and Ramesh, Aditya and Goh, Gabriel and Agarwal, Sandhini and Sastry, Girish and Askell, Amanda and Mishkin, Pamela and Clark, Jack and others},
	booktitle={International conference on machine learning},
	pages={8748--8763},
	year={2021},
	organization={PMLR}
}

@inproceedings{mcdonald2005non,
	title={Non-projective dependency parsing using spanning tree algorithms},
	author={McDonald, Ryan and Pereira, Fernando and Ribarov, Kiril and Hajic, Jan},
	booktitle={Proceedings of human language technology conference and conference on empirical methods in natural language processing},
	pages={523--530},
	year={2005}
}
@inproceedings{kim2022ocr,
	title={Ocr-free document understanding transformer},
	author={Kim, Geewook and Hong, Teakgyu and Yim, Moonbin and Nam, JeongYeon and Park, Jinyoung and Yim, Jinyeong and Hwang, Wonseok and Yun, Sangdoo and Han, Dongyoon and Park, Seunghyun},
	booktitle={Computer Vision--ECCV 2022: 17th European Conference, Tel Aviv, Israel, October 23--27, 2022, Proceedings, Part XXVIII},
	pages={498--517},
	year={2022},
	organization={Springer}
}

@inproceedings{davis2023end,
	title={End-to-end document recognition and understanding with dessurt},
	author={Davis, Brian and Morse, Bryan and Price, Brian and Tensmeyer, Chris and Wigington, Curtis and Morariu, Vlad},
	booktitle={Computer Vision--ECCV 2022 Workshops: Tel Aviv, Israel, October 23--27, 2022, Proceedings, Part IV},
	pages={280--296},
	year={2023},
	organization={Springer}
}
@article{xia2022structured,
	title={Structured pruning learns compact and accurate models},
	author={Xia, Mengzhou and Zhong, Zexuan and Chen, Danqi},
	journal={arXiv preprint arXiv:2204.00408},
	year={2022}
}

@article{sanh2019distilbert,
	title={DistilBERT, a distilled version of BERT: smaller, faster, cheaper and lighter},
	author={Sanh, Victor and Debut, Lysandre and Chaumond, Julien and Wolf, Thomas},
	journal={arXiv preprint arXiv:1910.01108},
	year={2019}
}

@article{scarselli2008graph,
	title={The graph neural network model},
	author={Scarselli, Franco and Gori, Marco and Tsoi, Ah Chung and Hagenbuchner, Markus and Monfardini, Gabriele},
	journal={IEEE transactions on neural networks},
	volume={20},
	number={1},
	pages={61--80},
	year={2008},
	publisher={IEEE}
}

@inproceedings{gemelli2023doc2graph,
	title={Doc2graph: a task agnostic document understanding framework based on graph neural networks},
	author={Gemelli, Andrea and Biswas, Sanket and Civitelli, Enrico and Llad{\'o}s, Josep and Marinai, Simone},
	booktitle={Computer Vision--ECCV 2022 Workshops: Tel Aviv, Israel, October 23--27, 2022, Proceedings, Part IV},
	pages={329--344},
	year={2023},
	organization={Springer}
}

@article{wu2023graph,
	title={Graph neural networks for natural language processing: A survey},
	author={Wu, Lingfei and Chen, Yu and Shen, Kai and Guo, Xiaojie and Gao, Hanning and Li, Shucheng and Pei, Jian and Long, Bo and others},
	journal={Foundations and Trends{\textregistered} in Machine Learning},
	volume={16},
	number={2},
	pages={119--328},
	year={2023},
	publisher={Now Publishers, Inc.}
}